@article{jadhav2020multi,
  title={MULTI-PLATEAU ENSEMBLE FOR ENDOSCOPIC ARTEFACT SEGMENTATION AND DETECTION},
  author={Jadhav, Suyog and Bamba, Udbhav and Chavan, Arnav and Tiwari, Rishabh and Raj, Aryan},
  journal="Proceedings of the 2nd EndoCV Workshop in conjunction with the 17th IEEE ISBI",
  month=apr,
  year={2020}
}

@article{jadhav2020talk,
  title={invited talk on "Machine Learning Based Analytics from Wearable Sensors"},
  author={Suyog Jadhav and Dilip K. Prasad},
  journal="workshop on Machine Learning and its Application in Sport Science and Public Health, TU Munich, Munic, Germany",
  month=Feb,
  year={2020}
}